
@misc{MAlvarado,
   Author = {M. Alvarado},
   Title = {Servicios de Medici\'on Avanzada {(AMI)} para Redes Inteligentes y su Adaptabilidad en el Marco de la Legislaci\'on Ecuatoriana},
   Volume = {2011},
   Number = {2011},
   School = {Universidad de Cuenca},
 Year = {2011} }

@article{bahr,
author = { Bahr, Michael},
year = {2016},
month = {10},
pages = {1},
title = {Update on the Hybrid Wireless Mesh Protocol of {IEEE} 802.11s},
journal = {Siemens Corporate Technology, Information and Communications}
}

@masterthesis{RuizM,
    author    = {Milton Ruiz},
    title     = {Interoperabilidad entre medidores inteligentes de energ\'ia el\'ectrica residencial},
    school    = {Universidad Polit\'ecnica Salesiana Sede Quito},
    ?_type     = {Thesis},
    year      = {2015},
    Note = {Obtenido desde https://dspace.ups.edu.ec/bitstream/123456789/8435/6/UPS-KT01062.pdf , en agosto 2020}
}

@masterthesis{VazquezA,
    author    = {Adri\'an Vazquez},
    title     = {Dise\~no e implementaci\'on de una red WiFi mallada que soporte protocolo Modbus para equipos de control industrial.},
    school    = {Universidad Central de Venezuela},
    ?_type     = {Thesis},
    year      = {2020},
    Note = {Consultado en Octubre, 2020}
}

@online{energy-m-IEC,
	author = {IEC},
	title = {313-01-35},
	year = {2007},
	url = {http://www.electropedia.org/iev/iev.nsf/display?openform\&ievref=313-01-35},
	Note = {Consultado en diciembre 2020},
}

@masterthesis{DianaL,
    author    = {Diana Londono},
    title     = {Desarrollo de una gu\'ia enfocada a medidores de energ\'ia y conexiones de medidores},
    school    = {Universidad Tecnol\'ogico de Pereira},
    ?_type     = {Tecnichal thesis},
    year      = {2013},
}

@article{ScienceDirect,
author = {Rifki Muhendra, Aditya Rinaldi, Maman Budiman},
year = {2016},
pages = {331},
title = {Development of {WiFi} Mesh Infrastructure for Internet of Things applications},
journal = {Engineering Physics International Conference, EPIC 2016}
}

@online{ESP-MESH,
	author = {Espressif Systems},
	title = {"Fundamentos de ESP-MESH"},
	year = {2020},
	url = {https://docs.espressif.com/projects/esp-idf/en/latest/esp32/api-guides/mesh.html\#mesh-introduction},
	Note = {Consultado en diciembre 2020},
}

@online{FreeRTOS,
	author = {FreeRTOS ORG},
	title = {"Conceptos sobre el FreeRTOS"},
	year = {2020},
	url = {https://www.freertos.org/about-RTOS.html},
	Note = {Consultado en diciembre 2020},
}

@online{Logicbus,
	author = {Logicbus},
	title = {"Fundamentos del protocolo Modbus"},
	year = {2020},
	url = {https://www.logicbus.com.mx/Modbus.php\#:~:text=Modbus\%20es\%20un\%20protocolo\%20de,controladores\%20l\'ogicos\%20programables\%20(PLCs).\&text=Es\%20el\%20protocolo\%20de\%20mayor,conexi\'on\%20de\%20dispositivos\%20electr\'onicos\%20industriales.},
	Note = {Consultado en diciembre 2020},
}